<record xmlns="http://www.loc.gov/MARC21/slim" xmlns:xsi="http://www.w3.org/2001/XMLSchema-instance" xsi:schemaLocation="http://www.loc.gov/MARC21/slim http://www.loc.gov/standards/marcxml/schema/MARC21slim.xsd"><leader>01933nam a2200397   4500</leader><controlfield tag="001">002818855</controlfield><controlfield tag="003">NNU</controlfield><controlfield tag="006">m        d        </controlfield><controlfield tag="007">cr cn |||m|||a</controlfield><controlfield tag="008">150110s1969    iq      ob    000 0 arard</controlfield><datafield ind1=" " ind2=" " tag="040"><subfield code="a">NNU</subfield><subfield code="b">eng</subfield><subfield code="e">rda</subfield><subfield code="c">NNU</subfield></datafield><datafield ind1=" " ind2="4" tag="050"><subfield code="a">PJ7741.I186</subfield><subfield code="b">A6 1969</subfield></datafield><datafield ind1="1" ind2=" " tag="100"><subfield code="6">880-01</subfield><subfield code="a">Ibn Harmah, Ibra&#772;hi&#772;m ibn &#699;Ali&#772;,</subfield><subfield code="d">709-792 or 793.</subfield></datafield><datafield ind1="1" ind2="0" tag="245"><subfield code="6">880-02</subfield><subfield code="a">Di&#772;wa&#772;n Ibra&#772;hi&#772;m ibn Harmah /</subfield><subfield code="c">Tah&#803;qi&#772;q Muh&#803;ammad Jabba&#772;r al-Mu&#699;aybid.</subfield></datafield><datafield ind1=" " ind2=" " tag="260"><subfield code="6">880-03</subfield><subfield code="a">al-Najaf :</subfield><subfield code="b">Mat&#803;ba&#699;at al-A&#772;da&#772;b,</subfield><subfield code="c">1969.</subfield></datafield><datafield ind1=" " ind2=" " tag="300"><subfield code="a">online resource (352 pages)</subfield></datafield><datafield ind1=" " ind2=" " tag="336"><subfield code="a">text</subfield><subfield code="2">rdacontent</subfield></datafield><datafield ind1=" " ind2=" " tag="337"><subfield code="a">computer</subfield><subfield code="2">rdamedia</subfield></datafield><datafield ind1=" " ind2=" " tag="338"><subfield code="a">online resource</subfield><subfield code="2">rdacarrier</subfield></datafield><datafield ind1=" " ind2=" " tag="500"><subfield code="a">Part of the Arabic Collections Online (ACO) project, contributed by New York Univeristy Libraries.</subfield></datafield><datafield ind1=" " ind2=" " tag="504"><subfield code="a">Includes bibliographical references (pages 287-311).</subfield></datafield><datafield ind1=" " ind2=" " tag="500"><subfield code="a">Romanized record.</subfield></datafield><datafield ind1=" " ind2=" " tag="500"><subfield code="a">In Arabic.</subfield></datafield><datafield ind1=" " ind2=" " tag="533"><subfield code="a">Electronic reproduction.</subfield><subfield code="b">New York, N.Y. :</subfield><subfield code="c">New York University,</subfield><subfield code="d">2015.</subfield><subfield code="5">NNU</subfield></datafield><datafield ind1="1" ind2=" " tag="700"><subfield code="6">880-04</subfield><subfield code="a">Mu&#699;aybid, Muh&#803;ammad Jabba&#772;r.</subfield></datafield><datafield ind1="2" ind2=" " tag="710"><subfield code="a">New York University.</subfield><subfield code="b">Libraries.</subfield></datafield><datafield ind1="0" ind2=" " tag="730"><subfield code="a">Arabic Collections Online.</subfield></datafield><datafield ind1="0" ind2="8" tag="776"><subfield code="i">Online version:</subfield><subfield code="a">Ibn Harmah, Ibra&#772;hi&#772;m ibn &#699;Ali&#772;, active 709-768.</subfield><subfield code="t">Di&#772;wa&#772;n Ibra&#772;hi&#772;m ibn Harmah.</subfield><subfield code="d">al-Najaf : Mat&#803;ba&#699;at al-A&#772;da&#772;b, 1969</subfield><subfield code="w">(OCoLC)701274018</subfield></datafield><datafield ind1="0" ind2="8" tag="776"><subfield code="i">Print version:</subfield><subfield code="a">Ibn Harmah, Ibra&#772;hi&#772;m ibn &#699;Ali&#772;, 709-792 or 793.</subfield><subfield code="t">Di&#772;wa&#772;n Ibra&#772;hi&#772;m ibn Harmah</subfield><subfield code="w">(NNU)002818855</subfield></datafield><datafield ind1="4" ind2="0" tag="856"><subfield code="u">http://hdl.handle.net/2333.1/rjdfn4v1</subfield></datafield><datafield ind1="1" ind2=" " tag="880"><subfield code="6">100-01/</subfield><subfield code="a">&#1575;&#1576;&#1606; &#1607;&#1585;&#1605;&#1577;&#1548; &#1575;&#1576;&#1585;&#1575;&#1607;&#1610;&#1605; &#1576;&#1606; &#1593;&#1604;&#1610;&#1548;</subfield><subfield code="d">709-792 or 793.</subfield></datafield><datafield ind1="1" ind2="0" tag="880"><subfield code="6">245-02/</subfield><subfield code="a">&#1583;&#1610;&#1608;&#1575;&#1606; &#1575;&#1576;&#1585;&#1575;&#1607;&#1610;&#1605; &#1576;&#1606; &#1607;&#1585;&#1605;&#1577; /</subfield><subfield code="c">&#1578;&#1581;&#1602;&#1610;&#1602; &#1605;&#1581;&#1605;&#1583; &#1580;&#1576;&#1575;&#1585; &#1575;&#1604;&#1605;&#1593;&#1610;&#1576;&#1583;.</subfield></datafield><datafield ind1=" " ind2=" " tag="880"><subfield code="6">260-03/</subfield><subfield code="a">&#1575;&#1604;&#1606;&#1580;&#1601; :</subfield><subfield code="b">&#1605;&#1591;&#1576;&#1593;&#1577; &#1575;&#1604;&#1604;&#1570;&#1583;&#1575;&#1576;&#1548;</subfield><subfield code="c">1969.</subfield></datafield><datafield ind1="1" ind2=" " tag="880"><subfield code="6">700-04/</subfield><subfield code="a">&#1605;&#1593;&#1610;&#1576;&#1583;&#1548; &#1605;&#1581;&#1605;&#1583; &#1580;&#1576;&#1575;&#1585;.</subfield></datafield><datafield ind1=" " ind2=" " tag="959"><subfield code="a">NNU</subfield><subfield code="b">WEB</subfield><subfield code="c">GENI</subfield><subfield code="t">0</subfield><subfield code="m">Electronic access</subfield><subfield code="s">01</subfield></datafield><datafield ind1=" " ind2=" " tag="999"><subfield code="i">NNU_002818855</subfield><subfield code="o" /></datafield></record>